<?xml version="1.0" encoding="UTF-8"?><record xmlns="http://www.loc.gov/MARC21/slim" xmlns:cinclude="http://apache.org/cocoon/include/1.0" xmlns:zs="http://www.loc.gov/zing/srw/">
  <leader>00464cz  a2200133n  4500</leader>
  <controlfield tag="001">n  96069050 </controlfield>
  <controlfield tag="003">DLC</controlfield>
  <controlfield tag="005">19960719105304.8</controlfield>
  <controlfield tag="008">960716n| acannaab|          |n aaa |||  </controlfield>
  <datafield tag="010" ind1=" " ind2=" ">
    <subfield code="a">n  96069050 </subfield>
  </datafield>
  <datafield tag="040" ind1=" " ind2=" ">
    <subfield code="a">DLC</subfield>
    <subfield code="c">DLC</subfield>
    <subfield code="d">DLC</subfield>
  </datafield>
  <datafield tag="100" ind1="1" ind2="0">
    <subfield code="a">Davies, David,</subfield>
    <subfield code="d">1935-</subfield>
  </datafield>
  <datafield tag="670" ind1=" " ind2=" ">
    <subfield code="a">Canada and the Soviet experiment, 1994:</subfield>
    <subfield code="b">t.p. (David Davies) p. iii (assoc. prof. of hist. and chair, Hist. Dept., Univ. of Waterloo)</subfield>
  </datafield>
  <datafield tag="670" ind1=" " ind2=" ">
    <subfield code="a">NLC fiche, 12/21/94:</subfield>
    <subfield code="b">(hdg.: Davies, David, 1935- )</subfield>
  </datafield>
</record>